<record><leader>00000cas a2200000 a 4500</leader><controlfield tag="001">10684616</controlfield><controlfield tag="008">840502c19479999hiuer ne      0   a0eng d</controlfield><datafield ind1=" " ind2=" " tag="010"><subfield code="a">sn 85047221 </subfield></datafield><datafield ind1=" " ind2=" " tag="040"><subfield code="a">HUH</subfield><subfield code="b">eng</subfield><subfield code="c">HUH</subfield><subfield code="d">HWN</subfield><subfield code="d">OCL</subfield><subfield code="d">NSD</subfield><subfield code="d">HWN</subfield><subfield code="d">NSD</subfield><subfield code="d">OCLCQ</subfield><subfield code="d">OCLCF</subfield><subfield code="d">OCLCO</subfield></datafield><datafield ind1=" " ind2=" " tag="012"><subfield code="j">0</subfield><subfield code="k">1</subfield><subfield code="m">1</subfield></datafield><datafield ind1="1" ind2=" " tag="022"><subfield code="a">1045-3636</subfield><subfield code="l">1045-3636</subfield><subfield code="2">1</subfield></datafield><datafield ind1="1" ind2=" " tag="029"><subfield code="a">AU@</subfield><subfield code="b">000020386816</subfield></datafield><datafield ind1=" " ind2=" " tag="032"><subfield code="a">237580</subfield><subfield code="b">USPS</subfield></datafield><datafield ind1=" " ind2=" " tag="037"><subfield code="b">Hawaii Catholic Herald, 1184 Bishop St., Honolulu, HI 96813</subfield></datafield><datafield ind1=" " ind2=" " tag="042"><subfield code="a">msc</subfield><subfield code="a">nsdp</subfield></datafield><datafield ind1=" " ind2=" " tag="043"><subfield code="a">n-us-hi</subfield></datafield><datafield ind1=" " ind2=" " tag="090"><subfield code="a">BX1404</subfield><subfield code="b">.H3</subfield></datafield><datafield ind1=" " ind2="0" tag="222"><subfield code="a">Hawaii Catholic herald</subfield></datafield><datafield ind1="0" ind2="0" tag="245"><subfield code="a">Hawaii Catholic herald.</subfield></datafield><datafield ind1=" " ind2=" " tag="260"><subfield code="a">Honolulu, T.H. :</subfield><subfield code="b">Roman Catholic Bishop of Honolulu,</subfield><subfield code="c">1947-</subfield></datafield><datafield ind1=" " ind2=" " tag="300"><subfield code="a">v. :</subfield><subfield code="b">ill. ;</subfield><subfield code="c">42-58 cm.</subfield></datafield><datafield ind1=" " ind2=" " tag="310"><subfield code="a">Biweekly,</subfield><subfield code="b">&lt;July 20, 1990-&gt;</subfield></datafield><datafield ind1=" " ind2=" " tag="321"><subfield code="a">Weekly,</subfield><subfield code="b">Feb. 6, 1947-</subfield></datafield><datafield ind1=" " ind2=" " tag="321"><subfield code="a">Weekly (except second and fourth week in Aug. and last Friday in Dec.),</subfield><subfield code="b">&lt;July 7, 1989-&gt;</subfield></datafield><datafield ind1="0" ind2=" " tag="362"><subfield code="a">Vol. 12, no. 6 (Feb. 6, 1947)-</subfield></datafield><datafield ind1=" " ind2=" " tag="515"><subfield code="a">Irregularities in numbering.</subfield></datafield><datafield ind1=" " ind2=" " tag="550"><subfield code="a">"Official weekly newspaper of the Diocese of Honolulu."</subfield></datafield><datafield ind1=" " ind2=" " tag="588"><subfield code="a">Latest issue consulted: Vol. 53, no. 28 (Friday, July 20, 1990).</subfield></datafield><datafield ind1=" " ind2="0" tag="651"><subfield code="a">Hawaii</subfield><subfield code="v">Newspapers.</subfield></datafield><datafield ind1=" " ind2="0" tag="650"><subfield code="a">Catholics</subfield><subfield code="z">Hawaii</subfield><subfield code="v">Newspapers.</subfield></datafield><datafield ind1=" " ind2="7" tag="655"><subfield code="a">Newspapers.</subfield><subfield code="2">fast</subfield><subfield code="0">(OCoLC)fst01423814</subfield></datafield><datafield ind1=" " ind2="7" tag="650"><subfield code="a">Catholics.</subfield><subfield code="2">fast</subfield><subfield code="0">(OCoLC)fst00849297</subfield></datafield><datafield ind1=" " ind2="7" tag="651"><subfield code="a">Hawaii.</subfield><subfield code="2">fast</subfield><subfield code="0">(OCoLC)fst01208724</subfield></datafield><datafield ind1="2" ind2=" " tag="710"><subfield code="a">Catholic Church.</subfield><subfield code="b">Diocese of Honolulu (Hawaii)</subfield></datafield><datafield ind1=" " ind2=" " tag="752"><subfield code="a">United States</subfield><subfield code="b">Hawaii</subfield><subfield code="c">Honolulu</subfield><subfield code="d">Honolulu.</subfield></datafield><datafield ind1="0" ind2="0" tag="780"><subfield code="t">Catholic herald (Honolulu, Hawaii)</subfield><subfield code="w">(DLC)sn 85047220</subfield><subfield code="w">(OCoLC)10684582</subfield></datafield></record>